<?xml version="1.0" encoding="UTF-8"?><record xmlns="http://www.loc.gov/MARC21/slim" xmlns:cinclude="http://apache.org/cocoon/include/1.0" xmlns:zs="http://www.loc.gov/zing/srw/">
  <leader>00611cz  a2200169n  4500</leader>
  <controlfield tag="001">n  88104451 </controlfield>
  <controlfield tag="003">DLC</controlfield>
  <controlfield tag="005">20080312075655.0</controlfield>
  <controlfield tag="008">880516n| acannaabn          |a aaa      </controlfield>
  <datafield tag="010" ind1=" " ind2=" ">
    <subfield code="a">n  88104451 </subfield>
  </datafield>
  <datafield tag="035" ind1=" " ind2=" ">
    <subfield code="a">(OCoLC)oca02275534</subfield>
  </datafield>
  <datafield tag="040" ind1=" " ind2=" ">
    <subfield code="a">DLC</subfield>
    <subfield code="b">eng</subfield>
    <subfield code="c">DLC</subfield>
    <subfield code="d">OCoLC</subfield>
  </datafield>
  <datafield tag="100" ind1="1" ind2=" ">
    <subfield code="a">Ubisch, Leopold von,</subfield>
    <subfield code="d">1886-1965</subfield>
  </datafield>
  <datafield tag="400" ind1="1" ind2=" ">
    <subfield code="a">Von Ubisch, Leopold,</subfield>
    <subfield code="d">1886-1965</subfield>
  </datafield>
  <datafield tag="400" ind1="1" ind2=" ">
    <subfield code="a">Ubisch, L. v.</subfield>
    <subfield code="q">(Leopold),</subfield>
    <subfield code="d">1886-1965</subfield>
  </datafield>
  <datafield tag="670" ind1=" " ind2=" ">
    <subfield code="a">His Die Entwicklung der Monascidien, 1952:</subfield>
    <subfield code="b">t.p. (L. v. Ubisch) cover (Leopold von Ubisch)</subfield>
  </datafield>
  <datafield tag="670" ind1=" " ind2=" ">
    <subfield code="a">LC data base, 5-13-88</subfield>
    <subfield code="b">(hdg.: Ubisch, Leopold von, 1886-1965; usage: Leopold von Ubisch)</subfield>
  </datafield>
</record>